@book{dobrow,
  author = {Wagaman, A. S., & Dobrow, R. P.},
  title = {Probability: With Applications and R},
  edition = {2nd},
  year = {2021},
  publisher = {Wiley}
}


